<record><leader>00000cas a2200000 a 4500</leader><controlfield tag="001">11380549</controlfield><controlfield tag="008">841113d18651881iludn ne      0   a0eng c</controlfield><datafield ind1=" " ind2=" " tag="010"><subfield code="a">sn 84038622 </subfield></datafield><datafield ind1=" " ind2=" " tag="040"><subfield code="a">NPX</subfield><subfield code="b">eng</subfield><subfield code="c">NPX</subfield><subfield code="d">NPY</subfield><subfield code="d">NPU</subfield><subfield code="d">NPV</subfield><subfield code="d">DLC</subfield><subfield code="d">NVF</subfield><subfield code="d">DLC</subfield><subfield code="d">NVF</subfield><subfield code="d">OCLCF</subfield><subfield code="d">NVF</subfield></datafield><datafield ind1=" " ind2=" " tag="042"><subfield code="a">pcc</subfield></datafield><datafield ind1=" " ind2=" " tag="043"><subfield code="a">n-us-il</subfield></datafield><datafield ind1="0" ind2="0" tag="050"><subfield code="a">Newspaper</subfield></datafield><datafield ind1="0" ind2=" " tag="130"><subfield code="a">Daily Quincy herald (Quincy, Ill. : 1865)</subfield></datafield><datafield ind1="1" ind2="0" tag="245"><subfield code="a">Daily Quincy herald.</subfield></datafield><datafield ind1="1" ind2=" " tag="246"><subfield code="i">Published as:</subfield><subfield code="a">Quincy herald</subfield><subfield code="f">Oct. 7, 1866-&lt;May 8, 1867&gt;, Dec. 3-&lt;Dec. 31, 1872&gt;, Jan. 13-July 11, 1874</subfield></datafield><datafield ind1="1" ind2=" " tag="246"><subfield code="i">Published as:</subfield><subfield code="a">Quincy daily herald</subfield><subfield code="f">&lt;Apr. 24, 1879&gt;</subfield></datafield><datafield ind1=" " ind2=" " tag="260"><subfield code="a">Quincy, Ill. :</subfield><subfield code="b">John P. Cadogan &amp; Co.,</subfield><subfield code="c">1865-1881.</subfield></datafield><datafield ind1="3" ind2=" " tag="260"><subfield code="3">May 6, 1874-June 5, 1881</subfield><subfield code="a">Quincy, Ill. :</subfield><subfield code="b">Cadogan &amp; Gardner</subfield></datafield><datafield ind1=" " ind2=" " tag="300"><subfield code="a">v.</subfield></datafield><datafield ind1=" " ind2=" " tag="310"><subfield code="a">Daily (except Monday),</subfield><subfield code="b">Jan. 9, 1866-June 5, 1881</subfield></datafield><datafield ind1=" " ind2=" " tag="321"><subfield code="a">Daily (except Sunday),</subfield><subfield code="b">June 13, 1865-Jan. 8, 1866</subfield></datafield><datafield ind1="0" ind2=" " tag="362"><subfield code="a">Vol. 15, no. 60 (June 13, 1865)-v. 30, no. 140 (June 5, 1881).</subfield></datafield><datafield ind1=" " ind2=" " tag="515"><subfield code="a">Continues the numbering of Quincy herald (Quincy, Ill. : 1859).</subfield></datafield><datafield ind1=" " ind2=" " tag="580"><subfield code="a">Weekly ed.: Quincy herald (Quincy, Ill. : 1855), 1865-&lt;1878&gt;.</subfield></datafield><datafield ind1=" " ind2=" " tag="580"><subfield code="a">Triweekly ed.: Quincy herald (Quincy, Ill. : Triweekly), &lt;1876&gt;.</subfield></datafield><datafield ind1=" " ind2="0" tag="651"><subfield code="a">Quincy (Ill.)</subfield><subfield code="v">Newspapers.</subfield></datafield><datafield ind1=" " ind2="7" tag="651"><subfield code="a">Illinois</subfield><subfield code="z">Quincy.</subfield><subfield code="2">fast</subfield><subfield code="0">(OCoLC)fst01212078</subfield></datafield><datafield ind1=" " ind2="7" tag="655"><subfield code="a">Newspapers.</subfield><subfield code="2">fast</subfield><subfield code="0">(OCoLC)fst01423814</subfield></datafield><datafield ind1=" " ind2=" " tag="752"><subfield code="a">United States</subfield><subfield code="b">Illinois</subfield><subfield code="c">Adams</subfield><subfield code="d">Quincy.</subfield></datafield><datafield ind1="1" ind2=" " tag="775"><subfield code="t">Quincy herald (Quincy, Ill. : 1855)</subfield><subfield code="w">(DLC)sn 84038623</subfield><subfield code="w">(OCoLC)11380716</subfield></datafield><datafield ind1="1" ind2=" " tag="775"><subfield code="t">Quincy herald (Quincy, Ill. : Triweekly)</subfield><subfield code="w">(DLC)sn 94054662</subfield><subfield code="w">(OCoLC)29893886</subfield></datafield><datafield ind1="0" ind2="0" tag="780"><subfield code="t">Quincy herald (Quincy, Ill. : 1859)</subfield><subfield code="w">(DLC)sn 92054608</subfield><subfield code="w">(OCoLC)26042295</subfield></datafield><datafield ind1="0" ind2="0" tag="785"><subfield code="t">Quincy daily herald (Quincy, Ill. : 1881)</subfield><subfield code="w">(DLC)sn 84024081</subfield><subfield code="w">(OCoLC)10478630</subfield></datafield><datafield ind1="1" ind2=" " tag="029"><subfield code="a">AU@</subfield><subfield code="b">000020348837</subfield></datafield></record>